<collection xmlns="http://www.loc.gov/MARC21/slim">
<record>
  <leader>00761ncm0a22001811i 450 </leader>
  <controlfield tag="001">IT\ICCU\CNCE\046529</controlfield>
  <controlfield tag="005">19990317000000.0</controlfield>
  <datafield tag="100" ind1=" " ind2=" ">
    <subfield code="a">19990120d1584        0itac0103    ba</subfield>
  </datafield>
  <datafield tag="101" ind1=" " ind2=" ">
    <subfield code="a">ITA</subfield>
  </datafield>
  <datafield tag="102" ind1=" " ind2=" ">
    <subfield code="a">IT</subfield>
  </datafield>
  <datafield tag="200" ind1="1" ind2=" ">
    <subfield code="a">Musica de diversi auttori illustri per cantar et sonar in concerti a sette, otto, nove, dieci, undeci, e duodeci voci, novamente raccolta, et non pi ̮stampata. Libro primo</subfield>
  </datafield>
  <datafield tag="210" ind1=" " ind2=" ">
    <subfield code="a">Venezia</subfield>
    <subfield code="c">Giacomo Vincenzi e Riccardo Amadino</subfield>
    <subfield code="d">1584</subfield>
  </datafield>
  <datafield tag="215" ind1=" " ind2=" ">
    <subfield code="a">8 fasc.</subfield>
    <subfield code="d">8ʻ</subfield>
  </datafield>
  <datafield tag="300" ind1=" " ind2=" ">
    <subfield code="a">I: S, A, T, B; II: S, A, T, B</subfield>
  </datafield>
  <datafield tag="620" ind1=" " ind2=" ">
    <subfield code="a">IT</subfield>
    <subfield code="d">Venezia</subfield>
  </datafield>
  <datafield tag="712" ind1="0" ind2="0">
    <subfield code="a">Vincenzi, Giacomo &amp; Amadino, Riccardo</subfield>
    <subfield code="3">IT\ICCU\CNCT\000814</subfield>
    <subfield code="4">650</subfield>
  </datafield>
  <datafield tag="801" ind1=" " ind2="3">
    <subfield code="a">IT</subfield>
    <subfield code="b">ICCU</subfield>
    <subfield code="c">20201115</subfield>
  </datafield>
  <datafield tag="899" ind1=" " ind2=" ">
    <subfield code="a">Biblioteca dell&apos;Accademia filarmonica di Verona. Verona</subfield>
    <subfield code="z">(I:S,A,T,B;II:A,T,B)</subfield>
    <subfield code="1">VR0070</subfield>
    <subfield code="2">ZVR 03</subfield>
  </datafield>
</record>
</collection>
